@article{einstein,
    author ="Albert Einstein"
}

@article{einstein2,
    author ="Albert Einstein"
}